@article{test2025,
  title={test},
  author={test},
  journal={test},
  year={2025}
}

@misc{misc2025,
  title={test},
  author={test},
  year={2025}
}

@inproceedings{inproceedings2025,
  title={test},
  author={test},
  booktitle={test},
  year={2025}
}
